 @misc{ enwiki:1076787930,
	author = "{Wikipedia contributors}",
	title = "Personal information management --- {Wikipedia}{,} The Free Encyclopedia",
	year = "2022",
	url = "https://en.wikipedia.org/w/index.php?title=Personal_information_management&oldid=1076787930",
	note = "[Online; accessed 30-April-2022]"
}

@article{nurseitov2009comparison,
	title={Comparison of JSON and XML data interchange formats: a case study.},
	author={Nurseitov, Nurzhan and Paulson, Michael and Reynolds, Randall and Izurieta, Clemente},
	journal={Caine},
	volume={9},
	pages={157--162},
	year={2009}
}
@misc{ enwiki:1085248519,
	author = "{Wikipedia contributors}",
	title = "Database --- {Wikipedia}{,} The Free Encyclopedia",
	year = "2022",
	url = "https://en.wikipedia.org/w/index.php?title=Database&oldid=1085248519",
}
@inproceedings{chandra2012study,
	title={A study on cloud database},
	author={Chandra, Deka Ganesh and Prakash, Ravi and Lamdharia, Swati},
	booktitle={2012 Fourth International Conference on Computational Intelligence and Communication Networks},
	pages={513--519},
	year={2012},
	organization={IEEE}
}

@inproceedings{varriale2016secube,
	title={SEcube (TM): Data at rest and data in motion protection},
	author={Varriale, Antonio and Prinetto, Paolo and Carelli, Alberto and Trotta, Pascal},
	booktitle={Proceedings of the International Conference on Security and Management (SAM)},
	pages={138},
	year={2016},
	organization={The Steering Committee of The World Congress in Computer Science, Computer~…}
}
@misc{bouganim2009database,
	title={Database encryption},
	author={Bouganim, Luc and Guo, Yanli},
	year={2009},
	publisher={Springer}
}

@misc{ enwiki:1020951139,
	author = "{Wikipedia contributors}",
	title = "Filesystem-level encryption --- {Wikipedia}{,} The Free Encyclopedia",
	year = "2021",
	url = "https://en.wikipedia.org/w/index.php?title=Filesystem-level_encryption&oldid=1020951139",
	note = "[Online; accessed 29-April-2022]"
}

@misc{ enwiki:1084723482,
	author = "{Wikipedia contributors}",
	title = "Disk encryption --- {Wikipedia}{,} The Free Encyclopedia",
	year = "2022",
	url = "https://en.wikipedia.org/w/index.php?title=Disk_encryption&oldid=1084723482",
	note = "[Online; accessed 29-April-2022]"
}
@inproceedings{saxena2015application,
	title={Application Layer Encryption for Cloud},
	author={Saxena, Amitabh and Kaulgud, Vikrant and Sharma, Vibhu},
	booktitle={2015 Asia-Pacific Software Engineering Conference (APSEC)},
	pages={377--384},
	year={2015},
	organization={IEEE}
}

@article{nakatani2006data,
	title={Data synchronization technology: standards, business values and implications},
	author={Nakatani, Kazuo and Chuang, Ta-Tao and Zhou, Duanning},
	journal={Communications of the Association for Information Systems},
	volume={17},
	number={1},
	pages={44},
	year={2006}
}

 @misc{balaji2020blog, 
 	title={One-way vs two-way syncing: What's the difference?},
 	author={Balaji N}, url={https://gbhackers.com/one-way-vs-two-way-syncing-whats-the-difference/}, 
 	journal={GBHackers On Security}, 
	year={2020}, 
 	month={Feb}
 } 

@article{rafaeli2003survey,
	title={A survey of key management for secure group communication},
	author={Rafaeli, Sandro and Hutchison, David},
	journal={ACM Computing Surveys (CSUR)},
	volume={35},
	number={3},
	pages={309--329},
	year={2003},
	publisher={ACM New York, NY, USA}
}
@article{abd2010evaluating,
	title={Evaluating The Performance of Symmetric Encryption Algorithms.},
	author={Abd Elminaam, Diaa Salama and Abdual-Kader, Hatem Mohamed and Hadhoud, Mohiy Mohamed},
	journal={Int. J. Netw. Secur.},
	volume={10},
	number={3},
	pages={216--222},
	year={2010}
}
 @misc{ssl2buywiki, 
	title={Symmetric vs. asymmetric encryption - what are differences?}, url={https://www.ssl2buy.com/wiki/symmetric-vs-asymmetric-encryption-what-are-differences}, 
	journal={SSL2BUY Wiki - Get Solution for SSL Certificate Queries}, 
 	year={2021}, 
 	month={Jun}
} 
 @misc{thakkar2022blog, 
	title={Types of encryption: 5 encryption algorithms \& how to choose the right one}, url={https://www.thesslstore.com/blog/types-of-encryption-encryption-algorithms-how-to-choose-the-right-one/},
	journal={Hashed Out by The SSL Store™}, 
	author={Thakkar, Jay}, 
	year={2022}, 
	month={Mar}
} 
@article{nechvatal2001report,
	title={Report on the development of the Advanced Encryption Standard (AES)},
	author={Nechvatal, James and Barker, Elaine and Bassham, Lawrence and Burr, William and Dworkin, Morris and Foti, James and Roback, Edward},
	journal={Journal of Research of the National Institute of Standards and Technology},
	volume={106},
	number={3},
	pages={511},
	year={2001},
	publisher={National Institute of Standards and Technology}
}
@article{standard1999data,
	title={Data encryption standard},
	author={Standard, Data Encryption and others},
	journal={Federal Information Processing Standards Publication},
	volume={112},
	year={1999}
}
@misc{ enwiki:1078804116,
	author = "{Wikipedia contributors}",
	title = "Triple DES --- {Wikipedia}{,} The Free Encyclopedia",
	year = "2022",
	url = "https://en.wikipedia.org/w/index.php?title=Triple_DES&oldid=1078804116",
	note = "[Online; accessed 30-April-2022]"
}
@inproceedings{nie2009study,
	title={A study of DES and Blowfish encryption algorithm},
	author={Nie, Tingyuan and Zhang, Teng},
	booktitle={Tencon 2009-2009 IEEE Region 10 Conference},
	pages={1--4},
	year={2009},
	organization={IEEE}
}
@inproceedings{yassein2017comprehensive,
	title={Comprehensive study of symmetric key and asymmetric key encryption algorithms},
	author={Yassein, Muneer Bani and Aljawarneh, Shadi and Qawasmeh, Ethar and Mardini, Wail and Khamayseh, Yaser},
	booktitle={2017 international conference on engineering and technology (ICET)},
	pages={1--7},
	year={2017},
	organization={IEEE}
}
@article{gupta2011ecc,
	title={Ecc over rsa for asymmetric encryption: A review},
	author={Gupta, Kamlesh and Silakari, Sanjay},
	journal={International Journal of Computer Science Issues (IJCSI)},
	volume={8},
	number={3},
	pages={370},
	year={2011},
	publisher={Citeseer}
}
@book{dang2008recommendation,
	title={Recommendation for applications using approved hash algorithms},
	author={Dang, Quynh and others},
	year={2008},
	publisher={US Department of Commerce, National Institute of Standards and Technology~…}
}
@article{gupta2014review,
	title={A review of comparative study of md5 and ssh security algorithm},
	author={Gupta, Surbhi and Goyal, Neha and Aggarwal, Kirti},
	journal={International Journal of Computer Applications},
	volume={104},
	number={14},
	year={2014},
	publisher={Citeseer}
}